@article{0965-0393-6-6-007,
  author  = {M Verdier and M Fivel and I Groma},
  title   = {Mesoscopic scale simulation of dislocation dynamics in fcc metals: Principles and applications},
  journal = {Modelling and Simulation in Materials Science and Engineering},
  volume  = {6},
  number  = {6},
  pages   = {755},
  year    = {1998}
}
@article{2d_pcm,
  title     = {Strengthening mechanism in micro-polycrystals with penetrable grain boundaries by discrete dislocation dynamics simulation and Hall--Petch effect},
  author    = {Li, Zhenhuan and Hou, Chuantao and Huang, Minsheng and Ouyang, Chaojun},
  journal   = {Computational Materials Science},
  volume    = {46},
  number    = {4},
  pages     = {1124--1134},
  year      = {2009},
  publisher = {Elsevier}
}
@article{2d_pcm2,
  title     = {Thickness effects in polycrystalline thin films: Surface constraint versus interior constraint},
  author    = {Fan, Haidong and Li, Zhenhuan and Huang, Minsheng and Zhang, Xiong},
  journal   = {International Journal of Solids and Structures},
  volume    = {48},
  number    = {11-12},
  pages     = {1754--1766},
  year      = {2011},
  publisher = {Elsevier}
}
@article{a_non-singular_continuum_theory_of_dislocations,
  title     = {A non-singular continuum theory of dislocations},
  author    = {Cai, Wei and Arsenlis, Athanasios and Weinberger, Christopher R and Bulatov, Vasily V},
  journal   = {Journal of the Mechanics and Physics of Solids},
  volume    = {54},
  number    = {3},
  pages     = {561--587},
  year      = {2006},
  publisher = {Elsevier}
}
@article{analytic_tractions,
  title     = {Analytical integration of the forces induced by dislocations on a surface element},
  author    = {Queyreau, S and Marian, J and Wirth, BD and Arsenlis, A},
  journal   = {Modelling and Simulation in Materials Science and Engineering},
  volume    = {22},
  number    = {3},
  pages     = {035004},
  year      = {2014},
  publisher = {IOP Publishing}
}
@article{apb,
  title     = {Discrete dislocation simulations of precipitation hardening in superalloys},
  author    = {Rao S, SI and Parthasarathy, TA and Dimiduk, DM and Hazzledine, PM},
  journal   = {Philosophical Magazine},
  volume    = {84},
  number    = {30},
  pages     = {3195--3215},
  year      = {2004},
  publisher = {Taylor \& Francis}
}
@article{arsenlis2007enabling,
  title     = {Enabling strain hardening simulations with dislocation dynamics},
  author    = {Arsenlis, Athanasios and Cai, Wei and Tang, Meijie and Rhee, Moono and Oppelstrup, Tomas and Hommes, Gregg and Pierce, Tom G and Bulatov, Vasily V},
  journal   = {Modelling and Simulation in Materials Science and Engineering},
  volume    = {15},
  number    = {6},
  pages     = {553},
  year      = {2007},
  publisher = {IOP Publishing}
}
@inproceedings{bdd,
  title        = {Boundary problems in DD simulations},
  author       = {Devincre, B and Roos, A and Groh, S},
  booktitle    = {In: Thermodynamics, Microstructures and Plasticity, A. Finel et al., Nato Sciences Series II: Mathematics, Physics and Chemistry, 108, p. 275, Eds Kluwer, NL-Dordrecht},
  year         = {2003},
  organization = {Citeseer}
}
@article{bending_test_theory,
  title   = {A theory of torsion bending for multicell beams},
  author  = {Benscoter, SU},
  journal = {Journal of Applied Mechanics},
  volume  = {21},
  number  = {1},
  pages   = {25--34},
  year    = {1954}
}
@article{bertin2019gpu,
  title     = {GPU-accelerated dislocation dynamics using subcycling time-integration},
  author    = {Bertin, N and Aubry, S and Arsenlis, A and Cai, W},
  journal   = {Modelling and Simulation in Materials Science and Engineering},
  volume    = {27},
  number    = {7},
  pages     = {075014},
  year      = {2019},
  publisher = {IOP Publishing}
}
@article{bolli2015reflections,
  title     = {Reflections on the irreproducibility of scientific papers},
  author    = {Bolli, Roberto},
  journal   = {Circulation research},
  volume    = {117},
  number    = {8},
  pages     = {665--666},
  year      = {2015},
  publisher = {Am Heart Assoc}
}
@inproceedings{boundary_problems_in_dd,
  title        = {Boundary problems in DD simulations},
  author       = {Devincre, B and Roos, A and Groh, S},
  booktitle    = {In: Thermodynamics, Microstructures and Plasticity, A. Finel et al., Nato Sciences Series II: Mathematics, Physics and Chemistry, 108, p. 275, Eds Kluwer, NL-Dordrecht},
  year         = {2003},
  organization = {Citeseer}
}
@article{bromage2018calculating,
  title     = {Calculating dislocation displacements on the surface of a volume},
  author    = {Bromage, B and Tarleton, E},
  journal   = {Modelling and Simulation in Materials Science and Engineering},
  volume    = {26},
  number    = {8},
  pages     = {085007},
  year      = {2018},
  publisher = {IOP Publishing}
}
@book{bv_dist,
  title     = {Elastic strain fields and dislocation mobility},
  author    = {Indenbom, Vladimir L and Lothe, Jens},
  year      = {2012},
  publisher = {Elsevier}
}
@book{cheney2012numerical,
  title     = {Numerical mathematics and computing},
  author    = {Cheney, E Ward and Kincaid, David R},
  year      = {2012},
  publisher = {Cengage Learning}
}
@misc{cocaf,
  author = {{Sourcery Institute}},
  title  = {{Contributing to OpenCoarrays}},
  year   = {2017},
  month  = {May},
  url    = {https://github.com/sourceryinstitute/OpenCoarrays/blob/master/CONTRIBUTING.md}
}
@article{colcas,
  title     = {High-energy collision cascades in tungsten: Dislocation loops structure and clustering scaling laws},
  author    = {Sand, AE and Dudarev, SL and Nordlund, K},
  journal   = {EPL (Europhysics Letters)},
  volume    = {103},
  number    = {4},
  pages     = {46003},
  year      = {2013},
  publisher = {IOP Publishing}
}
@misc{covidScotland,
  title     = {Coronavirus (COVID-19): modelling the epidemic},
  url       = {https://www.gov.scot/collections/coronavirus-covid-19-modelling-the-epidemic/},
  journal   = {Scottish Parliament},
  publisher = {Government of Scotland},
  year      = {2021}
}
@misc{covidUK1,
  title     = {Models of COVID-19: Part 1},
  url       = {https://post.parliament.uk/models-of-covid-19-part-1/},
  journal   = {POST},
  publisher = {UK Parliament},
  author    = {Hill-Cawthorne, Grant},
  year      = {2020},
  month     = {Dec}
}
@misc{covidUK2,
  title     = {Models of COVID-19: Part 2},
  url       = {https://post.parliament.uk/models-of-covid-19-part-2/},
  journal   = {POST},
  publisher = {UK Parliament},
  author    = {Hill-Cawthorne, Grant},
  year      = {2020},
  month     = {Dec}
}
@article{cpfem1,
  title     = {Overview of constitutive laws, kinematics, homogenization and multiscale methods in crystal plasticity finite-element modeling: Theory, experiments, applications},
  author    = {Roters, Franz and Eisenlohr, Philip and Hantcherli, Luc and Tjahjanto, Denny Dharmawan and Bieler, Thomas R and Raabe, Dierk},
  journal   = {Acta Materialia},
  volume    = {58},
  number    = {4},
  pages     = {1152--1211},
  year      = {2010},
  publisher = {Elsevier}
}
@article{cpu_arch,
  title     = {Parallelism and the ARM instruction set architecture},
  author    = {Goodacre, John and Sloss, Andrew N},
  journal   = {Computer},
  volume    = {38},
  number    = {7},
  pages     = {42--50},
  year      = {2005},
  publisher = {IEEE}
}
@inproceedings{cpu_en_cnvx,
  title        = {The energy/frequency convexity rule: Modeling and experimental validation on mobile devices},
  author       = {De Vogeleer, Karel and Memmi, Gerard and Jouvelot, Pierre and Coelho, Fabien},
  booktitle    = {International Conference on Parallel Processing and Applied Mathematics},
  pages        = {793--803},
  year         = {2013},
  organization = {Springer}
}	
@inproceedings{cpu_par,
  title        = {Hybrid MPI/OpenMP parallel programming on clusters of multi-core SMP nodes},
  author       = {Rabenseifner, Rolf and Hager, Georg and Jost, Gabriele},
  booktitle    = {Parallel, Distributed and Network-based Processing, 2009 17th Euromicro International Conference on},
  pages        = {427--436},
  year         = {2009},
  organization = {IEEE}
}
@inproceedings{cpu_pow,
  title        = {Dynamic voltage and frequency scaling under a precise energy model considering variable and fixed components of the system power dissipation},
  author       = {Choi, Kihwan and Lee, Wonbok and Soma, Ramakrishna and Pedram, Massoud},
  booktitle    = {Proceedings of the 2004 IEEE/ACM International conference on Computer-aided design},
  pages        = {29--34},
  year         = {2004},
  organization = {IEEE Computer Society}
}
@article{cpu_trnstor,
  title     = {Microelectronics},
  author    = {Noyce, Robert N},
  journal   = {Scientific American},
  volume    = {237},
  number    = {3},
  pages     = {62--69},
  year      = {1977},
  publisher = {JSTOR}
}
@inproceedings{cpuMemDiv,
  title     = {The gap between processor and memory speeds},
  author    = {Carvalho, Carlos},
  booktitle = {Proc. of IEEE International Conference on Control and Automation.},
  year      = {2002}
}
@article{dcm,
  title     = {Consistent formulation for the Discrete-Continuous Model: Improving complex dislocation dynamics simulations},
  author    = {Jamond, O and Gatti, R and Roos, A and Devincre, B},
  journal   = {International Journal of Plasticity},
  volume    = {80},
  pages     = {19--37},
  year      = {2016},
  publisher = {Elsevier}
}
@article{dcm_incl,
  title     = {Orientation dependence of plastic deformation in nickel-based single crystal superalloys: Discrete--continuous model simulations},
  author    = {Vattr{\'e}, A and Devincre, B and Roos, A},
  journal   = {Acta Materialia},
  volume    = {58},
  number    = {6},
  pages     = {1938--1951},
  year      = {2010},
  publisher = {Elsevier}
}
@article{dcm0,
  title     = {Modelling crystal plasticity by 3D dislocation dynamics and the finite element method: the discrete-continuous model revisited},
  author    = {Vattr{\'e}, A and Devincre, B and Feyel, F and Gatti, R and Groh, S and Jamond, O and Roos, A},
  journal   = {Journal of the Mechanics and Physics of Solids},
  volume    = {63},
  pages     = {491--505},
  year      = {2014},
  publisher = {Elsevier}
}
@article{ddd_fem_sm,
  title     = {Developing rigorous boundary conditions to simulations of discrete dislocation dynamics},
  author    = {Fivel, MC and Canova, GR},
  journal   = {Modelling and Simulation in Materials Science and Engineering},
  volume    = {7},
  number    = {5},
  pages     = {753},
  year      = {1999},
  publisher = {IOP Publishing}
}
@article{ddd_fem_sm2,
  title     = {A computational method for dislocation--precipitate interaction},
  author    = {Takahashi, Akiyuki and Ghoniem, Nasr M},
  journal   = {Journal of the Mechanics and Physics of Solids},
  volume    = {56},
  number    = {4},
  pages     = {1534--1553},
  year      = {2008},
  publisher = {Elsevier}
}
@article{ddd_fem1,
  title     = {Numerical implementation of a 3D continuum theory of dislocation dynamics and application to micro-bending},
  author    = {Sandfeld, Stefan and Hochrainer, Thomas and Gumbsch, Peter and Zaiser, Michael},
  journal   = {Philosophical Magazine},
  volume    = {90},
  number    = {27-28},
  pages     = {3697--3728},
  year      = {2010},
  publisher = {Taylor \& Francis}
}
@article{ddd_inclusion_as_force,
  title     = {Dislocation climb effects on particle bypass mechanisms},
  author    = {Xiang, Yang and Srolovitz, DJ},
  journal   = {Philosophical magazine},
  volume    = {86},
  number    = {25-26},
  pages     = {3937--3957},
  year      = {2006},
  publisher = {Taylor \& Francis}
}
@article{ddd_ods,
  title     = {Plastic Deformation in ODS Ferritic Alloys: A 3D Dislocation Dynamics Investigation},
  author    = {Gururaj, K and Robertson, C},
  journal   = {Energy Procedia},
  volume    = {7},
  pages     = {279--285},
  year      = {2011},
  publisher = {Elsevier}
}
@article{ddd_precip,
  title     = {Nucleation and propagation of dislocations near a precipitate using 3D discrete dislocation dynamics simulations},
  author    = {Shin, CS and Fivel, MC and Oh, KH},
  journal   = {Le Journal de Physique IV},
  volume    = {11},
  number    = {PR5},
  pages     = {Pr5--27},
  year      = {2001},
  publisher = {EDP sciences}
}
 @article{ddd_precipitate,
  title     = {Nucleation and propagation of dislocations near a precipitate using 3D discrete dislocation dynamics simulations},
  author    = {Shin, CS and Fivel, MC and Oh, KH},
  journal   = {Le Journal de Physique IV},
  volume    = {11},
  number    = {PR5},
  pages     = {Pr5--27},
  year      = {2001},
  publisher = {EDP sciences}
} 
@book{ddlab,
  title     = {Computer simulations of dislocations},
  author    = {Bulatov, Vasily and Cai, Wei},
  volume    = {3},
  year      = {2006},
  publisher = {Oxford University Press on Demand}
}
@article{dewit1,
  title     = {Some relations for straight dislocations},
  author    = {De Wit, R},
  journal   = {physica status solidi (b)},
  volume    = {20},
  number    = {2},
  pages     = {567--573},
  year      = {1967},
  publisher = {Wiley Online Library}
}
@article{dewit2,
  title     = {The Self-Energy of Dislocation Configurations Made up of Straight Segments},
  author    = {De Wit, R},
  journal   = {physica status solidi (b)},
  volume    = {20},
  number    = {2},
  pages     = {575--580},
  year      = {1967},
  publisher = {Wiley Online Library}
}
@article{dismot,
  title     = {Discrete dislocation plasticity: a simple planar model},
  author    = {Van der Giessen, Erik and Needleman, Alan},
  journal   = {Modelling and Simulation in Materials Science and Engineering},
  volume    = {3},
  number    = {5},
  pages     = {689},
  year      = {1995},
  publisher = {IOP Publishing}
}
@article{dln_core,
  title     = {Description of dislocation cores},
  author    = {Saada, G and Shi, XL},
  journal   = {Czechoslovak Journal of Physics},
  volume    = {45},
  number    = {11},
  pages     = {979--989},
  year      = {1995},
  publisher = {Springer}
}
@article{dln_exp_obs1,
  title     = {In situ observation of dislocation behavior in nanometer grains},
  author    = {Wang, Lihua and Han, Xiaodong and Liu, Pan and Yue, Yonghai and Zhang, Ze and Ma, En},
  journal   = {Physical review letters},
  volume    = {105},
  number    = {13},
  pages     = {135501},
  year      = {2010},
  publisher = {APS}
}
@article{dln_exp_obs2,
  title     = {Direct observations of the effect of hydrogen on the behavior of dislocations in iron},
  author    = {Tabata, T and Birnbaum, HK},
  journal   = {Scripta Metallurgica},
  volume    = {17},
  number    = {7},
  pages     = {947--950},
  year      = {1983},
  publisher = {Elsevier}
}
@article{dln_exp_obs3,
  title     = {Toward a quantitative understanding of mechanical behavior of nanocrystalline metals},
  author    = {Dao, M and Lu, L and Asaro, RJ and De Hosson, J Th M and Ma, E},
  journal   = {Acta Materialia},
  volume    = {55},
  number    = {12},
  pages     = {4041--4065},
  year      = {2007},
  publisher = {Elsevier}
}

 @article{dln_ind_hard,
  title     = {The role of collinear interaction in dislocation-induced hardening},
  author    = {Madec, R and Devincre, B and Kubin, L and Hoc, T and Rodney, D},
  journal   = {Science},
  volume    = {301},
  number    = {5641},
  pages     = {1879--1882},
  year      = {2003},
  publisher = {American Association for the Advancement of Science}
} 
@article{dmg_cascade_dln,
  title     = {New mechanism of defect production in metals: A molecular-dynamics study of interstitial-dislocation-loop formation in high-energy displacement cascades},
  author    = {De La Rubia, T Diaz and Guinan, MW},
  journal   = {Physical review letters},
  volume    = {66},
  number    = {21},
  pages     = {2766},
  year      = {1991},
  publisher = {APS}
}
@article{dmg_cascade1,
  title     = {Incorporating non-adiabatic effects in Embedded Atom potentials for radiation damage cascade simulations},
  author    = {Mason, Daniel},
  journal   = {Journal of Physics: Condensed Matter},
  volume    = {27},
  number    = {14},
  pages     = {145401},
  year      = {2015},
  publisher = {IOP Publishing}
}
@article{dmg_cascade2,
  title     = {High-energy collision cascades in tungsten: Dislocation loops structure and clustering scaling laws},
  author    = {Sand, AE and Dudarev, SL and Nordlund, K},
  journal   = {EPL (Europhysics Letters)},
  volume    = {103},
  number    = {4},
  pages     = {46003},
  year      = {2013},
  publisher = {IOP Publishing}
}
@article{doi:10.1080/14786430500341250,
  author    = { C.   D{\'e}pr{\'e}s  and  C. F.   Robertson  and  M. C.   Fivel },
  title     = {Low-strain fatigue in 316L steel surface grains: a three dimension discrete dislocation dynamics modelling of the early cycles. Part 2: Persistent slip markings and micro-crack nucleation.},
  journal   = {Philosophical Magazine},
  volume    = {86},
  number    = {1},
  pages     = {79-97},
  year      = {2006},
  publisher = {Taylor & Francis},
  doi       = {10.1080/14786430500341250}
}
@article{dpa,
  title     = {The displacement of atoms in solids by radiation},
  author    = {Kinchin, GH and Pease, RS},
  journal   = {Reports on progress in physics},
  volume    = {18},
  number    = {1},
  pages     = {1},
  year      = {1955},
  publisher = {IOP Publishing}
}
@book{eigenstrain,
  title     = {Micromechanics of defects in solids},
  author    = {Mura, Toshio},
  year      = {2013},
  publisher = {Springer Science \& Business Media}
}
@article{eigenstrain_incl,
  title     = {Multiscale modeling of inclusions and precipitation hardening in metal matrix composites: Application to advanced high-strength steels},
  author    = {Askari, Hesam and Zbib, Hussein M and Sun, Xin},
  journal   = {Journal of Nanomechanics and Micromechanics},
  volume    = {3},
  number    = {2},
  pages     = {24--33},
  year      = {2012},
  publisher = {American Society of Civil Engineers}
}
@article{fem_ddd,
  title     = {A new fast finite element method for dislocations based on interior discontinuities},
  author    = {Gracie, Robert and Ventura, Giulio and Belytschko, Ted},
  journal   = {International Journal for Numerical Methods in Engineering},
  volume    = {69},
  number    = {2},
  pages     = {423--441},
  year      = {2007},
  publisher = {Wiley Online Library}
}
@article{fem_ddd2,
  title     = {A superposition framework for discrete dislocation plasticity},
  author    = {O'day, MP and Curtin, William A},
  journal   = {Transactions of the ASME-E-Journal of Applied Mechanics},
  volume    = {71},
  number    = {6},
  pages     = {805--815},
  year      = {2004},
  publisher = {New York: American Society of Mechanical Engineers.}
}
@article{femcanonical,
  title     = {Canonical numbering systems for finite-element codes},
  author    = {Tautges, Timothy J},
  journal   = {International Journal for Numerical Methods in Biomedical Engineering},
  volume    = {26},
  number    = {12},
  pages     = {1559--1572},
  year      = {2010},
  publisher = {Wiley Online Library}
}
@misc{filtering,
  title     = {Hardware filtering method and apparatus},
  author    = {Flanders, John A and Ready, David C and Van Seters, Steven and Schwartz, Leonard and Townsend, William D},
  year      = {2000},
  month     = mar # {~21},
  publisher = {Google Patents},
  note      = {US Patent 6,041,058}
}
@book{fispact,
  title     = {{FISPACT}-2007: User manual},
  author    = {Forrest, Robin A and others},
  year      = {2007},
  publisher = {EURATOM/UKAEA fusion association}
}
@inproceedings{fispact_library,
  title     = {The data library UKACT1 and the inventory code FISPACT},
  author    = {Forrest, Robin A and Sowerby, Michael G and Patrick, Bryan H and Endacott, David AJ},
  booktitle = {Nuclear data for science and technology},
  year      = {1988}
}
@misc{fortran,
  author = {{Fortran Standards Committee}},
  title  = {{Contributing to OpenCoarrays}},
  url    = {https://wg5-fortran.org/},
  year   = {2021}
}
@book{fpga,
  title     = {Field-programmable gate array technology},
  author    = {Trimberger, Stephen M},
  year      = {2012},
  publisher = {Springer Science \& Business Media}
}
@article{functionalProg,
  title     = {The promises of functional programming},
  author    = {Hinsen, Konrad},
  journal   = {Computing in Science \& Engineering},
  volume    = {11},
  number    = {4},
  pages     = {86--90},
  year      = {2009},
  publisher = {IEEE Computer Society}
}
@article{fusmat1,
  title     = {An integrated model for materials in a fusion power plant: transmutation, gas production, and helium embrittlement under neutron irradiation},
  author    = {Gilbert, MR and Dudarev, SL and Zheng, S and Packer, LW and Sublet, J-Ch},
  journal   = {Nuclear Fusion},
  volume    = {52},
  number    = {8},
  pages     = {083019},
  year      = {2012},
  publisher = {IOP Publishing}
}
@article{fusmat1s,
  title     = {Overview of materials research for fusion reactors},
  author    = {Muroga, T and Gasparotto, M and Zinkle, SJ},
  journal   = {Fusion engineering and design},
  volume    = {61},
  pages     = {13--25},
  year      = {2002},
  publisher = {Elsevier}
}
@article{gauss_leg,
  title   = {Calculation of Gauss quadrature rules},
  author  = {Golub, Gene H and Welsch, John H},
  journal = {Mathematics of computation},
  volume  = {23},
  number  = {106},
  pages   = {221--230},
  year    = {1969}
}
@article{gauss_leg_sing,
  title     = {Numerical evaluation of singular and near-singular potential integrals},
  author    = {Khayat, Michael A and Wilton, Donald R},
  journal   = {IEEE Transactions on Antennas and Propagation},
  volume    = {53},
  number    = {10},
  pages     = {3180--3190},
  year      = {2005},
  publisher = {IEEE}
}
@article{gb_e_dens,
  title     = {Interfacial energies of tilt boundaries in aluminium. Experimental and theoretical determination.},
  author    = {Hasson, GC and Goux, C},
  journal   = {Scripta metallurgica},
  volume    = {5},
  number    = {10},
  pages     = {889--894},
  year      = {1971},
  publisher = {Elsevier}
}
@misc{gocaf,
  author = {{Alessandro Fanfarillo}},
  title  = {{Coarrays in GNU Fortran}},
  year   = {2014},
  month  = {June},
  url    = {https://sea.ucar.edu/sites/default/files/Coarrays_GFortran.pdf}
}
@article{gpu_comp,
  title     = {The GPU computing era},
  author    = {Nickolls, John and Dally, William J},
  journal   = {IEEE micro},
  volume    = {30},
  number    = {2},
  year      = {2010},
  publisher = {IEEE}
}
@article{gpu_ddd,
  title     = {GPU accelerated dislocation dynamics},
  author    = {Ferroni, Francesco and Tarleton, Edmund and Fitzgerald, Steven},
  journal   = {Journal of Computational Physics},
  volume    = {272},
  pages     = {619--628},
  year      = {2014},
  publisher = {Elsevier}
}
@article{gpu_rev,
  title     = {A survey on parallel computing and its applications in data-parallel problems using GPU architectures},
  author    = {Navarro, Cristobal A and Hitschfeld-Kahler, Nancy and Mateu, Luis},
  journal   = {Communications in Computational Physics},
  volume    = {15},
  number    = {2},
  pages     = {285--329},
  year      = {2014},
  publisher = {Cambridge University Press}
}
@misc{gpu1,
  title     = {Software configurable memory architecture for data processing system having graphics capability},
  author    = {Kelleher, Brian and Furlong, Thomas C},
  year      = {1990},
  month     = aug # {~28},
  publisher = {Google Patents},
  note      = {US Patent 4,953,101}
}
@misc{gpu2,
  title     = {Image processing devices and methods},
  author    = {Sumi, Masayuki},
  year      = {1998},
  month     = mar # {~31},
  publisher = {Google Patents},
  note      = {US Patent 5,734,807}
}
@misc{gpu3,
  title     = {Advanced graphics driver architecture},
  author    = {Celi Jr, Joseph and Wagner, Jonathan M and Louie, Roger},
  year      = {1998},
  month     = feb # {~3},
  publisher = {Google Patents},
  note      = {US Patent 5,715,459}
}
@article{gpuarch,
  title     = {Accelerating fibre orientation estimation from diffusion weighted magnetic resonance imaging using GPUs},
  author    = {Hern{\'a}ndez, Mois{\'e}s and Guerrero, Gin{\'e}s D and Cecilia, Jos{\'e} M and Garc{\'\i}a, Jos{\'e} M and Inuggi, Alberto and Jbabdi, Saad and Behrens, Timothy EJ and Sotiropoulos, Stamatios N},
  journal   = {PloS one},
  volume    = {8},
  number    = {4},
  pages     = {e61892},
  year      = {2013},
  publisher = {Public Library of Science}
}
@inproceedings{gpuCache,
  title        = {A detailed GPU cache model based on reuse distance theory},
  author       = {Nugteren, Cedric and Van den Braak, Gert-Jan and Corporaal, Henk and Bal, Henri},
  booktitle    = {2014 IEEE 20th International Symposium on High Performance Computer Architecture (HPCA)},
  pages        = {37--48},
  year         = {2014},
  organization = {IEEE}
}
@inproceedings{gpuMemDiv,
  title     = {Dacache: Memory divergence-aware gpu cache management},
  author    = {Wang, Bin and Yu, Weikuan and Sun, Xian-He and Wang, Xinning},
  booktitle = {Proceedings of the 29th ACM on International Conference on Supercomputing},
  pages     = {89--98},
  year      = {2015}
}
@inproceedings{gpuMemDiv2,
  title        = {MDM: The GPU Memory Divergence Model},
  author       = {Wang, Lu and Jahre, Magnus and Adileho, Almutaz and Eeckhout, Lieven},
  booktitle    = {2020 53rd Annual IEEE/ACM International Symposium on Microarchitecture (MICRO)},
  pages        = {1009--1021},
  year         = {2020},
  organization = {IEEE}
}
@article{grain_size_eff1,
  title     = {Dislocation pile-up and grain boundary interactions in 304 stainless steel},
  author    = {Shen, Z and Wagoner, RH and Clark, WAT},
  journal   = {Scripta metallurgica},
  volume    = {20},
  number    = {6},
  pages     = {921--926},
  year      = {1986},
  publisher = {Elsevier}
}
@article{grain_size_eff2,
  title     = {Dislocation and grain boundary interactions in metals},
  author    = {Shen, Z and Wagoner, RH and Clark, WAT},
  journal   = {Acta metallurgica},
  volume    = {36},
  number    = {12},
  pages     = {3231--3242},
  year      = {1988},
  publisher = {Elsevier}
}
@article{Groh2009,
  author          = {Groh, S. and Zbib, H. M.},
  doi             = {10.1115/1.3183783},
  isbn            = {00944289},
  issn            = {00944289},
  journal         = {Journal of Engineering Materials and Technology},
  mendeley-groups = {DDLab},
  number          = {4},
  pages           = {041209},
  title           = {{Advances in Discrete Dislocations Dynamics and Multiscale Modeling}},
  volume          = {131},
  year            = {2009}
}
@book{guns_germs_steel,
  title     = {Guns, germs and steel: a short history of everybody for the last 13,000 years},
  author    = {Diamond, Jared M},
  year      = {1998},
  publisher = {Random House}
}
@article{hanson1990fast,
  title     = {Fast allocation and deallocation of memory based on object lifetimes},
  author    = {Hanson, David R},
  journal   = {Software: Practice and Experience},
  volume    = {20},
  number    = {1},
  pages     = {5--12},
  year      = {1990},
  publisher = {Wiley Online Library}
}
@article{hardening,
  title     = {Hardening of self ion implanted tungsten and tungsten 5-wt\% rhenium},
  author    = {Armstrong, DEJ and Yi, X and Marquis, EA and Roberts, SG},
  journal   = {Journal of Nuclear Materials},
  volume    = {432},
  number    = {1},
  pages     = {428--436},
  year      = {2013},
  publisher = {Elsevier}
}
@book{haskell,
  title     = {Haskell: the craft of functional programming},
  author    = {Thompson, Simon},
  volume    = {2},
  year      = {2011},
  publisher = {Addison-Wesley}
}
@article{head1953edge,
  title     = {Edge dislocations in inhomogeneous media},
  author    = {Head, AK},
  journal   = {Proceedings of the Physical Society. Section B.},
  volume    = {66},
  number    = {9},
  pages     = {793},
  year      = {1953},
  publisher = {IOP Publishing}
}
@misc{hirth1983theory,
  title     = {Theory of dislocations},
  author    = {Hirth, John Price and Lothe, Jens and Mura, T},
  year      = {1983},
  publisher = {American Society of Mechanical Engineers Digital Collection}
}
@article{hohlraum,
  title     = {Fuel gain exceeding unity in an inertially confined fusion implosion},
  author    = {Hurricane, OA and Callahan, DA and Casey, DT and Celliers, PM and Cerjan, Charles and Dewald, EL and Dittrich, TR and D{\"o}ppner, T and Hinkel, DE and Hopkins, LF Berzak and others},
  journal   = {Nature},
  volume    = {506},
  number    = {7488},
  pages     = {343},
  year      = {2014},
  publisher = {Nature Publishing Group}
}
@article{icf,
  title   = {Inertial confinement fusion},
  author  = {McCrory, ROBERT L and Verdon, CHARLES P},
  journal = {Computer Applications in Plasma Science and Engineering (Springer Science \& Business Media, 2012)},
  pages   = {291},
  year    = {2012}
}
@article{icf_mcf1,
  title     = {Geometrical, spectral and temporal differences between ICF and MCF reactors and their impact on blanket nuclear parameters},
  author    = {Sawan, Mohamed E},
  journal   = {Fusion Technology},
  volume    = {10},
  number    = {3P2B},
  pages     = {1483--1488},
  year      = {1986},
  publisher = {Taylor \& Francis}
}
@article{icf_mcf2,
  title     = {Differences between neutron damage in inertial and magnetic confinement fusion materials test facilities},
  author    = {Kulcinski, GL and Sawan, ME},
  journal   = {Journal of nuclear materials},
  volume    = {133},
  pages     = {52--57},
  year      = {1985},
  publisher = {Elsevier}
}
@article{icfpwr1,
  title     = {HIBALL—A conceptual design study of a heavy-ion driven inertial confinement fusion power plant},
  author    = {B{\"o}hne, D and Hofmann, I and Kessler, G and Kulcinski, GL and Meyer-ter-Vehn, J and von M{\"o}llendorff, U and Moses, GA and M{\"u}ller, RW and Sviatoslavsky, IN and Sze, DK and others},
  journal   = {Nuclear Engineering and Design},
  volume    = {73},
  number    = {2},
  pages     = {195--200},
  year      = {1982},
  publisher = {Elsevier}
}
@article{icfpwr2,
  title   = {Progress toward ignition and burn propagation in inertial confinement fusion},
  author  = {Lindl, John D and McCrory, Robert L and Campbell, E Michael},
  journal = {Phys. Today},
  volume  = {45},
  number  = {9},
  pages   = {32--40},
  year    = {1992}
}
@article{icfpwr3,
  title     = {HYLIFE-II: A molten-salt inertial fusion energy power plant design—final report},
  author    = {Moir, RW and Bieri, RL and Chen, XM and Dolan, TJ and Hoffman, MA and House, PA and Leber, RL and Lee, JD and Lee, YT and Liu, JC and others},
  journal   = {Fusion Science and Technology},
  volume    = {25},
  number    = {1},
  pages     = {5--25},
  year      = {1994},
  publisher = {American Nuclear Society}
}
@article{icfvsmcf,
  title     = {Developments in inertial fusion energy and beam fusion at magnetic confinement},
  author    = {Hora, Heinrich},
  journal   = {Laser and Particle Beams},
  volume    = {22},
  number    = {04},
  pages     = {439--449},
  year      = {2004},
  publisher = {Cambridge Univ Press}
}
@article{ifmif,
  title   = {The accelerator prototype of the IFMIF/EVEDA project},
  author  = {Mosnier, Alban and Beauvais, PY and Branas, B and Comunian, M and Facco, A and Garin, P and Gobin, R and Gournay, JF and Heidinger, R and Ibarra, A and others},
  journal = {IPAC},
  volume  = {10},
  pages   = {588},
  year    = {2010}
}
@article{indentation_theory,
  title     = {The theory of indentation and hardness tests},
  author    = {Bishop, RF and Hill, Rodney and Mott, NF},
  journal   = {Proceedings of the Physical Society},
  volume    = {57},
  number    = {3},
  pages     = {147},
  year      = {1945},
  publisher = {IOP Publishing}
}

@article{init_fail_dln,
  title     = {Fracture initiation due to asymmetric impact loading of an edge cracked plate},
  author    = {Lee, YJ and Freund, LB},
  journal   = {Journal of Applied Mechanics},
  volume    = {57},
  number    = {1},
  pages     = {104--111},
  year      = {1990},
  publisher = {American Society of Mechanical Engineers}
}
@article{ionirrmic,
  title     = {In-situ TEM studies of 150 keV W+ ion irradiated W and W-alloys: Damage production and microstructural evolution},
  author    = {Yi, Xiaoou and Jenkins, Michael L and Kirk, Marquis A and Zhou, Zhongfu and Roberts, Steven G},
  journal   = {Acta Materialia},
  volume    = {112},
  pages     = {105--120},
  year      = {2016},
  publisher = {Elsevier}
}
@article{ionirrprop,
  title     = {Ion-irradiation-induced clustering in W--Re and W--Re--Os alloys: A comparative study using atom probe tomography and nanoindentation measurements},
  author    = {Xu, Alan and Beck, Christian and Armstrong, David EJ and Rajan, Krishna and Smith, George DW and Bagot, Paul AJ and Roberts, Steve G},
  journal   = {Acta Materialia},
  volume    = {87},
  pages     = {121--127},
  year      = {2015},
  publisher = {Elsevier}
}
@article{ionirrprop2,
  title     = {Ion-irradiation induced clustering in W-Re-Ta, W-Re and W-Ta alloys: An atom probe tomography and nanoindentation study},
  author    = {Xu, Alan and Armstrong, David EJ and Beck, Christian and Moody, Michael P and Smith, George DW and Bagot, Paul AJ and Roberts, Steve G},
  journal   = {Acta Materialia},
  volume    = {124},
  pages     = {71--78},
  year      = {2017},
  publisher = {Elsevier}
}
@article{jia2014gpu,
  title     = {GPU-based high-performance computing for radiation therapy},
  author    = {Jia, Xun and Ziegenhein, Peter and Jiang, Steve B},
  journal   = {Physics in Medicine \& Biology},
  volume    = {59},
  number    = {4},
  pages     = {R151},
  year      = {2014},
  publisher = {IOP Publishing}
}
@article{julia,
  title     = {Julia: A fresh approach to numerical computing},
  author    = {Bezanson, Jeff and Edelman, Alan and Karpinski, Stefan and Shah, Viral B},
  journal   = {SIAM review},
  volume    = {59},
  number    = {1},
  pages     = {65--98},
  year      = {2017},
  publisher = {SIAM},
  url       = {https://doi.org/10.1137/141000671}
}
@book{kanban,
  title     = {Agile project management with Kanban},
  author    = {Brechner, Eric},
  year      = {2015},
  publisher = {Pearson Education}
}
@misc{kiss,
  author = {{Kelly Johnson}},
  title  = {{KISS}},
  year   = {2017},
  month  = {November},
  url    = {http://people.apache.org/~fhanik/kiss.html}
}
@article{knuth1974structured,
  title     = {Structured programming with go to statements},
  author    = {Knuth, Donald E},
  journal   = {ACM Computing Surveys (CSUR)},
  volume    = {6},
  number    = {4},
  pages     = {261--301},
  year      = {1974},
  publisher = {ACM New York, NY, USA}
}
@article{li2019diffusion,
  title     = {Diffusion and interaction of prismatic dislocation loops simulated by stochastic discrete dislocation dynamics},
  author    = {Li, Yang and Boleininger, Max and Robertson, Christian and Dupuy, Laurent and Dudarev, Sergei L},
  journal   = {Physical Review Materials},
  volume    = {3},
  number    = {7},
  pages     = {073805},
  year      = {2019},
  publisher = {APS}
}
@article{lvl_set_dd,
  title     = {A level set method for dislocation dynamics},
  author    = {Xiang, Yang and Cheng, Li-Tien and Srolovitz, David J and Weinan, E},
  journal   = {Acta Materialia},
  volume    = {51},
  number    = {18},
  pages     = {5499--5518},
  year      = {2003},
  publisher = {Elsevier}
}
@article{lvl_set_ddd_inc,
  title     = {Loss of interface coherency around a misfitting spherical inclusion},
  author    = {Quek, Siu Sin and Xiang, Yang and Srolovitz, David J},
  journal   = {Acta Materialia},
  volume    = {59},
  number    = {14},
  pages     = {5398--5410},
  year      = {2011},
  publisher = {Elsevier}
}
@article{mats_fis_fus,
  title     = {Structural materials for fission \& fusion energy},
  author    = {Zinkle, Steven J and Busby, Jeremy T},
  journal   = {Materials Today},
  volume    = {12},
  number    = {11},
  pages     = {12--19},
  year      = {2009},
  publisher = {Elsevier}
}
@article{mats_fusion1,
  title     = {Materials challenges in nuclear energy},
  author    = {Zinkle, Steven J and Was, GS},
  journal   = {Acta Materialia},
  volume    = {61},
  number    = {3},
  pages     = {735--758},
  year      = {2013},
  publisher = {Elsevier}
}
@article{mats_fusion2,
  title     = {Materials research for fusion energy},
  author    = {Cook, Ian},
  journal   = {Nature Materials},
  volume    = {5},
  number    = {2},
  pages     = {77},
  year      = {2006},
  publisher = {Nature Publishing Group}
}
@book{mcf,
  title     = {Fusion: an introduction to the physics and technology of magnetic confinement fusion},
  author    = {Stacey, Weston M},
  year      = {2010},
  publisher = {John Wiley \& Sons}
}
@article{mede2020replication,
  title     = {The “replication crisis” in the public eye: Germans’ awareness and perceptions of the (ir) reproducibility of scientific research},
  author    = {Mede, Niels G and Sch{\"a}fer, Mike S and Ziegler, Ricarda and Wei{\ss}kopf, Markus},
  journal   = {Public Understanding of Science},
  pages     = {0963662520954370},
  year      = {2020},
  publisher = {Sage Publications Sage UK: London, England}
}
@article{metals_prehistory1,
  title   = {Silver and lead in the late prehistory of the Mantaro Valley, Peru},
  author  = {Howe, Ellen G and Petersen, Ulrich},
  journal = {Archaeometry of pre-Columbian sites and artifacts},
  pages   = {183--198},
  year    = {1994}
}
@book{metals_prehistory2,
  title     = {Fragmentation in archaeology: people, places and broken objects in the prehistory of South-Eastern Europe},
  author    = {Chapman, John},
  year      = {2013},
  publisher = {Routledge}
}
@book{metals_social,
  title     = {Social complexity in prehistoric Eurasia: Monuments, metals and mobility},
  author    = {Hanks, Bryan K and Linduff, Katheryn M},
  year      = {2009},
  publisher = {Cambridge University Press}
}
@book{metals_success1,
  title     = {Yin Yang and Organizational Performance: Five elements for improvement and success},
  author    = {Law, Kris MY and Kesti, Marko},
  year      = {2014},
  publisher = {Springer}
}
@book{metals_success2,
  title     = {The living rock: the story of metals since earliest times and their impact on developing civilization},
  author    = {Wilson, Arthur},
  year      = {1994},
  publisher = {Woodhead Publishing}
}
@article{micro_macro1,
  title     = {Micromechanics model for damage and failure analyses of laminated fibrous composites},
  author    = {Kwon, YW and Berner, JM},
  journal   = {Engineering Fracture Mechanics},
  volume    = {52},
  number    = {2},
  pages     = {231--242},
  year      = {1995},
  publisher = {Elsevier}
}
@article{micro_macro2,
  title     = {Micromechanical and macromechanical effects in grain scale polycrystal plasticity experimentation and simulation},
  author    = {Raabe, Dierk and Sachtleber, M and Zhao, Zisu and Roters, Franz and Zaefferer, Stefan},
  journal   = {Acta Materialia},
  volume    = {49},
  number    = {17},
  pages     = {3433--3441},
  year      = {2001},
  publisher = {Elsevier}
}
@book{microelec,
  title     = {Introduction to microelectronics},
  author    = {Roddy, Dermot},
  year      = {2013},
  publisher = {Elsevier}
}
@article{micromech_test1,
  title     = {Is there any contradiction between the stress and energy failure criteria in micromechanical tests? Part I. Crack initiation: stress-controlled or energy-controlled?},
  author    = {Zhandarov, S and Pisanova, E and Lauke, B},
  journal   = {Composite Interfaces},
  volume    = {5},
  number    = {5},
  pages     = {387--404},
  year      = {1997},
  publisher = {Taylor \& Francis}
}
@article{micromech_test2,
  title     = {Mechanical characterization of spot friction stir welded joints in aluminum alloys by combined experimental/numerical approaches: part I: micromechanical studies},
  author    = {Thoppul, Srinivasa D and Gibson, Ronald F},
  journal   = {Materials characterization},
  volume    = {60},
  number    = {11},
  pages     = {1342--1351},
  year      = {2009},
  publisher = {Elsevier}
}
@article{micromech_test3,
  title     = {Micromechanical and macromechanical effects in grain scale polycrystal plasticity experimentation and simulation},
  author    = {Raabe, Dierk and Sachtleber, M and Zhao, Zisu and Roters, Franz and Zaefferer, Stefan},
  journal   = {Acta Materialia},
  volume    = {49},
  number    = {17},
  pages     = {3433--3441},
  year      = {2001},
  publisher = {Elsevier}
}
@article{mixedPrecFEM,
  title     = {A novel parallel finite element procedure for nonlinear dynamic problems using GPU and mixed-precision algorithm},
  author    = {Wang, Shengquan and Wang, Chao and Cai, Yong and Li, Guangyao},
  journal   = {Engineering Computations},
  year      = {2020},
  publisher = {Emerald Publishing Limited}
}

@misc{monitor,
  title     = {Enhanced viewing experience of a display through localised dynamic control of background lighting level},
  author    = {Evanicky, Daniel E},
  year      = {2013},
  month     = apr # {~9},
  publisher = {Google Patents},
  note      = {US Patent 8,416,149}
}
@article{multiscale_model_mats1,
  title     = {From atomistic simulation towards multiscale modelling of materials},
  author    = {Nieminen, Risto M},
  journal   = {Journal of Physics: Condensed Matter},
  volume    = {14},
  number    = {11},
  pages     = {2859},
  year      = {2002},
  publisher = {IOP Publishing}
}
@article{multiscale_model_mats2,
  title     = {Novel approaches to multiscale modelling in materials science},
  author    = {Elliott, JA},
  journal   = {International Materials Reviews},
  volume    = {56},
  number    = {4},
  pages     = {207--225},
  year      = {2011},
  publisher = {Taylor \& Francis}
}
@book{mura_t,
  title     = {Micromechanics of defects in solids},
  author    = {Mura, Toshio},
  year      = {2013},
  publisher = {Springer Science \& Business Media}
}
@misc{natureModelCritique,
  title     = {Critiqued coronavirus simulation gets thumbs up from code-checking efforts},
  url       = {https://www.nature.com/articles/d41586-020-01685-y},
  journal   = {Nature News},
  publisher = {Nature Publishing Group},
  author    = {Chawla, Dalmeet Singh},
  year      = {2020},
  month     = {Jun}
}
@misc{nemo,
  author = {{Numerical Engine for Multiphysics Operators}},
  title  = {{NEMO}},
  year   = {2017},
  month  = {November},
  url    = {http://www.ce.uniroma2.it/nemo/}
}
@article{nirpropmic,
  title     = {Neutron irradiation effects on the microstructural development of tungsten and tungsten alloys},
  author    = {Hasegawa, Akira and Fukuda, Makoto and Yabuuchi, Kiyohiro and Nogami, Shuhei},
  journal   = {Journal of Nuclear Materials},
  volume    = {471},
  pages     = {175--183},
  year      = {2016},
  publisher = {Elsevier}
}
@article{nirrhard,
  title     = {Irradiation hardening of pure tungsten exposed to neutron irradiation},
  author    = {Hu, Xunxiang and Koyanagi, Takaaki and Fukuda, Makoto and Kumar, NAP Kiran and Snead, Lance L and Wirth, Brian D and Katoh, Yutai},
  journal   = {Journal of Nuclear Materials},
  volume    = {480},
  pages     = {235--243},
  year      = {2016},
  publisher = {Elsevier}
}
@article{nirrmic,
  title     = {Effect of neutron irradiation on the microstructure of tungsten},
  author    = {Klimenkov, M and J{\"a}ntsch, U and Rieth, M and Schneider, HC and Armstrong, DEJ and Gibson, J and Roberts, SG},
  journal   = {Nuclear Materials and Energy},
  year      = {2016},
  publisher = {Elsevier}
}
@article{nirrprop,
  title     = {Property change mechanism in tungsten under neutron irradiation in various reactors},
  author    = {Hasegawa, Akira and Tanno, Takashi and Nogami, Shuhei and Satou, Manabu},
  journal   = {Journal of Nuclear Materials},
  volume    = {417},
  number    = {1},
  pages     = {491--494},
  year      = {2011},
  publisher = {Elsevier}
}
@article{non_sing1,
  title     = {Screw dislocation in gradient elasticity},
  author    = {Gutkin, M Yu and Aifantis, EC},
  journal   = {Scripta Materialia},
  volume    = {35},
  number    = {11},
  pages     = {1353--1358},
  year      = {1996},
  publisher = {Elsevier}
}
@article{non_sing2,
  title     = {Edge dislocation in gradient elasticity},
  author    = {Gutkin, M Yu and Aifantis, EC},
  journal   = {Scripta Materialia},
  volume    = {36},
  number    = {1},
  pages     = {129--135},
  year      = {1997},
  publisher = {Elsevier}
}
@article{non_sing3,
  title     = {The glide force on a dislocation in finite elasticity},
  author    = {Fedelich, Bernard},
  journal   = {Journal of the Mechanics and Physics of Solids},
  volume    = {52},
  number    = {1},
  pages     = {215--247},
  year      = {2004},
  publisher = {Elsevier}
}
@article{non_sing4,
  title     = {The self-stress of dislocations and the shape of extended nodes},
  author    = {Brown, LM},
  journal   = {Philosophical Magazine},
  volume    = {10},
  number    = {105},
  pages     = {441--466},
  year      = {1964},
  publisher = {Taylor \& Francis}
}
@article{non_sing5,
  title     = {The self-force on a planar dislocation loop in an anisotropic linear-elastic medium},
  author    = {Gavazza, SD and Barnett, DM},
  journal   = {Journal of the Mechanics and Physics of Solids},
  volume    = {24},
  number    = {4},
  pages     = {171--185},
  year      = {1976},
  publisher = {Elsevier}
}
@article{non_sing6,
  title     = {The size of a dislocation},
  author    = {Peierls, R},
  journal   = {Proceedings of the Physical Society},
  volume    = {52},
  number    = {1},
  pages     = {34},
  year      = {1940},
  publisher = {IOP Publishing}
}
@article{non_sing7,
  title     = {Dislocations in a simple cubic lattice},
  author    = {Nabarro, FRN},
  journal   = {Proceedings of the Physical Society},
  volume    = {59},
  number    = {2},
  pages     = {256},
  year      = {1947},
  publisher = {IOP Publishing}
}
@article{nvidia,
  title   = {{NVidia CUDA C} programming guide},
  author  = {{NVidia, CUDA}},
  journal = {{NVidia Corporation}},
  volume  = {120},
  number  = {18},
  pages   = {8},
  year    = {2011}
}
@misc{nvidia_atomics,
  author       = {NVidia},
  title        = {{CUDA Toolkit Documentation: Programming Guide: Atomic Functions}},
  month        = {August},
  year         = {2017},
  howpublished = {\url{http://docs.nvidia.com/cuda/cuda-c-programming-guide/index.html#atomic-functions}}
}
@misc{ocaf,
  author = {{Sourcery Institute}},
  title  = {{OpenCoarrays}},
  year   = {2017},
  month  = {November},
  url    = {http://www.opencoarrays.org/}
}
@inproceedings{ocafp,
  title        = {{OpenCoarrays: open-source transport layers supporting coarray Fortran compilers}},
  author       = {{Fanfarillo, Alessandro and Burnus, Tobias and Cardellini, Valeria and Filippone, Salvatore and Nagle, Dan and Rouson, Damian}},
  booktitle    = {{Proceedings of the 8th International Conference on Partitioned Global Address Space Programming Models}},
  pages        = {4},
  year         = {2014},
  organization = {{ACM}}
}
@article{ODay2004,
  annote          = {New superposition principle for regions with different elastic constansts},
  author          = {O'Day, M. P. and Curtin, W. a.},
  doi             = {10.1115/1.1794167},
  isbn            = {0021-8936},
  issn            = {00218936},
  journal         = {Journal of Applied Mechanics},
  keywords        = {crack paper},
  mendeley-groups = {crack paper},
  mendeley-tags   = {crack paper},
  number          = {November 2004},
  pages           = {805},
  title           = {{A Superposition Framework for Discrete Dislocation Plasticity}},
  volume          = {71},
  year            = {2004}
}
@article{ods_rad_res,
  title     = {Formation mechanism and the role of nanoparticles in Fe-Cr ODS steels developed for radiation tolerance},
  author    = {Hsiung, Luke L and Fluss, Michael J and Tumey, Scott J and Choi, B William and Serruys, Yves and Willaime, Francois and Kimura, Akihiko},
  journal   = {Physical Review B},
  volume    = {82},
  number    = {18},
  pages     = {184103},
  year      = {2010},
  publisher = {APS}
}
@article{openacc,
  title     = {A preliminary evaluation of OpenACC implementations},
  author    = {Reyes, Ruym{\'a}n and L{\'o}pez, Iv{\'a}n and Fumero, Juan J and de Sande, Francisco},
  journal   = {The Journal of Supercomputing},
  volume    = {65},
  number    = {3},
  pages     = {1063--1075},
  year      = {2013},
  publisher = {Springer}
}
@article{opencl,
  title     = {OpenCL: A parallel programming standard for heterogeneous computing systems},
  author    = {Stone, John E and Gohara, David and Shi, Guochun},
  journal   = {Computing in science \& engineering},
  volume    = {12},
  number    = {3},
  pages     = {66--73},
  year      = {2010},
  publisher = {IEEE}
}
@article{openv,
  title     = {Diagnostic components in harsh radiation environments: Possible overlap in R\&D requirements of inertial confinement and magnetic fusion systems.},
  author    = {Bourgade, JL and Costley, AE and Reichle, R and Hodgson, ER and Hsing, W and Glebov, V and Decreton, M and Leeper, R and Leray, JL and Dentan, M and others},
  journal   = {Review of Scientific Instruments},
  volume    = {79},
  number    = {10},
  pages     = {10F304},
  year      = {2008},
  publisher = {AIP Publishing}
}
@inproceedings{pagerank,
  title        = {Half-Precision Floating-Point Formats for PageRank: Opportunities and Challenges},
  author       = {Molahosseini, Amir Sabbagh and Vandierendonck, Hans},
  booktitle    = {2020 IEEE High Performance Extreme Computing Conference (HPEC)},
  pages        = {1--7},
  year         = {2020},
  organization = {IEEE}
}
@inproceedings{paradis,
  title        = {Scalable line dynamics in ParaDiS},
  author       = {Bulatov, Vasily and Cai, Wei and Fier, Jeff and Hiratani, Masato and Hommes, Gregg and Pierce, Tim and Tang, Meijie and Rhee, Moono and Yates, Kim and Arsenlis, Tom},
  booktitle    = {Proceedings of the 2004 ACM/IEEE conference on Supercomputing},
  pages        = {19},
  year         = {2004},
  organization = {IEEE Computer Society}
}
@book{parallel_algs,
  title     = {Introduction to parallel computing: design and analysis of algorithms},
  author    = {Kumar, Vipin and Grama, Ananth and Gupta, Anshul and Karypis, George},
  volume    = {400},
  year      = {1994},
  publisher = {Benjamin/Cummings Redwood City}
}
@book{pk_force,
  title     = {Theory of dislocations},
  author    = {Hirth, John P and Lothe, Jens},
  year      = {1982},
  publisher = {John Wiley$\backslash$\& Sons}
}
@incollection{preproc,
  title     = {Visibility preprocessing with occluder fusion for urban walkthroughs},
  author    = {Wonka, Peter and Wimmer, Michael and Schmalstieg, Dieter},
  booktitle = {Rendering Techniques 2000},
  pages     = {71--82},
  year      = {2000},
  publisher = {Springer}
}
@book{randall2018irreproducibility,
  title     = {The Irreproducibility Crisis of Modern Science: Causes, Consequences, and the Road to Reform.},
  author    = {Randall, David and Welser, Christopher},
  year      = {2018},
  publisher = {ERIC}
}
@article{regularisation1,
  title     = {Total variation regularization algorithms for images corrupted with different noise models: a review},
  author    = {Rodr{\'\i}guez, Paul},
  journal   = {Journal of Electrical and Computer Engineering},
  volume    = {2013},
  year      = {2013},
  publisher = {Hindawi}
}
@article{regularisation2,
  title     = {Regularization in statistics},
  author    = {Bickel, Peter J and Li, Bo and Tsybakov, Alexandre B and van de Geer, Sara A and Yu, Bin and Vald{\'e}s, Te{\'o}filo and Rivero, Carlos and Fan, Jianqing and van der Vaart, Aad},
  journal   = {Test},
  volume    = {15},
  number    = {2},
  pages     = {271--344},
  year      = {2006},
  publisher = {Springer}
}
@article{regularisation3,
  title     = {Low Rank Regularization: A review},
  author    = {Hu, Zhanxuan and Nie, Feiping and Wang, Rong and Li, Xuelong},
  journal   = {Neural Networks},
  year      = {2020},
  publisher = {Elsevier}
}
@article{sand2014radiation,
  title     = {Radiation damage production in massive cascades initiated by fusion neutrons in tungsten},
  author    = {Sand, Andrea Elisabet and Nordlund, Kai and Dudarev, SL},
  journal   = {Journal of Nuclear Materials},
  volume    = {455},
  number    = {1-3},
  pages     = {207--211},
  year      = {2014},
  publisher = {Elsevier}
}
@inproceedings{sharedCache,
  title        = {A Generic Tool Supporting Cache Design and Optimisation on Shared Memory Systems},
  author       = {Schindewolf, Martin and Tao, Jie and Karl, Wolfgang and Cintra, Marcelo},
  booktitle    = {9th workshop on parallel systems and algorithms--workshop of the GI/ITG special interest groups PARS and PARVA},
  year         = {2008},
  organization = {Gesellschaft f{\"u}r Informatik e. V.}
}
@article{size_effects,
  title     = {Size effects in materials due to microstructural and dimensional constraints: a comparative review},
  author    = {Arzt, El},
  journal   = {Acta materialia},
  volume    = {46},
  number    = {16},
  pages     = {5611--5626},
  year      = {1998},
  publisher = {Elsevier}
}
@article{sm_incl,
  title     = {Discrete dislocation dynamics simulation of cutting of $\gamma$′ precipitate and interfacial dislocation network in Ni-based superalloys},
  author    = {Yashiro, Kisaragi and Kurose, F and Nakashima, Y and Kubo, K and Tomita, Yoshihiro and Zbib, HM},
  journal   = {International Journal of Plasticity},
  volume    = {22},
  number    = {4},
  pages     = {713--723},
  year      = {2006},
  publisher = {Elsevier}
}
@article{sound,
  title     = {Computer sound card assisted measurements of the acoustic Doppler effect for accelerated and unaccelerated sound sources},
  author    = {Bensky, Thomas J and Frey, SE},
  journal   = {American Journal of Physics},
  volume    = {69},
  number    = {12},
  pages     = {1231--1236},
  year      = {2001},
  publisher = {AAPT}
}
@misc{sourcery,
  author = {{Sourcery Institute}},
  title  = {Home},
  year   = {2017},
  month  = {November},
  url    = {http://www.sourceryinstitute.org/}
}
@article{srim,
  title     = {{SRIM}--The stopping and range of ions in matter (2010)},
  author    = {Ziegler, James F and Ziegler, Matthias D and Biersack, Jochen P},
  journal   = {Nuclear Instruments and Methods in Physics Research Section B: Beam Interactions with Materials and Atoms},
  volume    = {268},
  number    = {11},
  pages     = {1818--1823},
  year      = {2010},
  publisher = {Elsevier}
}
@article{srimisbad,
  title     = {On the use of {SRIM} for computing radiation damage exposure},
  author    = {Stoller, Roger E and Toloczko, Mychailo B and Was, Gary S and Certain, Alicia G and Dwaraknath, Shyam and Garner, Frank A},
  journal   = {Nuclear instruments and methods in physics research section B: beam interactions with materials and atoms},
  volume    = {310},
  pages     = {75--80},
  year      = {2013},
  publisher = {Elsevier}
}
@article{superposition_scheme0,
  title     = {Discrete dislocation plasticity: a simple planar model},
  author    = {Van der Giessen, Erik and Needleman, Alan},
  journal   = {Modelling and Simulation in Materials Science and Engineering},
  volume    = {3},
  number    = {5},
  pages     = {689},
  year      = {1995},
  publisher = {IOP Publishing}
}
@article{superposition_scheme1,
  title     = {Developing rigorous boundary conditions to simulations of discrete dislocation dynamics},
  author    = {Fivel, MC and Canova, GR},
  journal   = {Modelling and Simulation in Materials Science and Engineering},
  volume    = {7},
  number    = {5},
  pages     = {753},
  year      = {1999},
  publisher = {IOP Publishing}
}
@article{superposition_scheme2,
  title     = {A computational method for dislocation--precipitate interaction},
  author    = {Takahashi, Akiyuki and Ghoniem, Nasr M},
  journal   = {Journal of the Mechanics and Physics of Solids},
  volume    = {56},
  number    = {4},
  pages     = {1534--1553},
  year      = {2008},
  publisher = {Elsevier}
}
@article{tarleton2015discrete,
  title     = {A discrete dislocation plasticity study of the micro-cantilever size effect},
  author    = {Tarleton, E and Balint, DS and Gong, J and Wilkinson, AJ},
  journal   = {Acta Materialia},
  volume    = {88},
  pages     = {271--282},
  year      = {2015},
  publisher = {Elsevier}
}
@misc{tau,
  author = {{Tuning and Analysis Utilities}},
  title  = {{TAU}},
  year   = {2017},
  month  = {November},
  url    = {http://www.cs.uoregon.edu/research/tau/home.php}
}
@article{tensile_test_theory,
  title     = {Theory of the tensile test},
  author    = {Hart, EW},
  journal   = {Acta metallurgica},
  volume    = {15},
  number    = {2},
  pages     = {351--355},
  year      = {1967},
  publisher = {Elsevier}
}
@article{transmute,
  title     = {Material/plasma surface interaction issues following neutron damage},
  author    = {Barabash, V and Federici, G and Linke, J and Wu, CH},
  journal   = {Journal of Nuclear Materials},
  volume    = {313},
  pages     = {42--51},
  year      = {2003},
  publisher = {Elsevier}
}
@article{transmute2,
  title     = {Neutron-induced transmutation effects in W and W-alloys in a fusion environment},
  author    = {Gilbert, MR and Sublet, J-Ch},
  journal   = {Nuclear Fusion},
  volume    = {51},
  number    = {4},
  pages     = {043005},
  year      = {2011},
  publisher = {IOP Publishing}
}
@article{twinning,
  title     = {The role of twinning deformation on the hardening response of polycrystalline magnesium from discrete dislocation dynamics simulations},
  author    = {Fan, Haidong and Aubry, Sylvie and Arsenlis, Athanasios and El-Awady, Jaafar A},
  journal   = {Acta Materialia},
  volume    = {92},
  pages     = {126--139},
  year      = {2015},
  publisher = {Elsevier}
}
@article{twinning2,
  title     = {Interaction of slip dislocations with the (01 1 2) twin interface in zinc},
  author    = {Lay, S and Nouet, G},
  journal   = {Philosophical Magazine A},
  volume    = {70},
  number    = {6},
  pages     = {1027--1044},
  year      = {1994},
  publisher = {Taylor \& Francis}
}
@article{twinning3,
  title     = {The incorporation of slip dislocations in $\{$1102$\}$ twins in zirconium},
  author    = {Dickson, JI and Robin, C},
  journal   = {Materials Science and Engineering},
  volume    = {11},
  number    = {5},
  pages     = {299--302},
  year      = {1973},
  publisher = {Elsevier}
}
@article{twinning4,
  title     = {The incorporation of basal slip dislocations in $\{$10 1 2$\}$ twins in zinc crystals},
  author    = {Tomsett, DI and Bevis, M},
  journal   = {Philosophical Magazine},
  volume    = {19},
  number    = {157},
  pages     = {129--140},
  year      = {1969},
  publisher = {Taylor \& Francis}
}
@article{twinning5,
  title     = {Slip Modes of Hexagonal-Close-Packed Metals},
  author    = {Yoo, MH and Wei, CT},
  journal   = {Journal of Applied Physics},
  volume    = {38},
  number    = {11},
  pages     = {4317--4322},
  year      = {1967},
  publisher = {AIP}
}
@article{twinning6,
  title     = {A new model for $\{$10 1 2$\}$ twin growth in hcp metals},
  author    = {Serra, A and Bacon, DJ},
  journal   = {Philosophical Magazine A},
  volume    = {73},
  number    = {2},
  pages     = {333--343},
  year      = {1996},
  publisher = {Taylor \& Francis}
}
@article{twinning7,
  title     = {Preparation of silicon nanowires by in situ doping and their electrical properties},
  author    = {Wang, Jindong and He, Gen and Qin, Jinwen and Li, Lidong and Guo, Xuefeng},
  journal   = {Colloids and Surfaces A: Physicochemical and Engineering Aspects},
  volume    = {450},
  pages     = {156--160},
  year      = {2014},
  publisher = {Elsevier}
}
@article{w_cluster1,
  title     = {Microstructural development of tungsten and tungsten--rhenium alloys due to neutron irradiation in HFIR},
  author    = {Fukuda, Makoto and Yabuuchi, Kiyohiro and Nogami, Shuhei and Hasegawa, Akira and Tanaka, Teruya},
  journal   = {Journal of Nuclear Materials},
  volume    = {455},
  number    = {1},
  pages     = {460--463},
  year      = {2014},
  publisher = {Elsevier}
}
@article{YU2018,
  title   = {Discrete dislocation plasticity HELPs understand hydrogen effects in bcc materials},
  journal = {Journal of the Mechanics and Physics of Solids},
  year    = {2018},
  issn    = {0022-5096},
  doi     = {https://doi.org/10.1016/j.jmps.2018.08.020},
  author  = {Haiyang Yu and Alan Cocks and Edmund Tarleton}
}
